@book{Petkovi_2009,
  title={Famous puzzles of great mathematicians},
  author={Petkovi, Miodrag},
  year={2009},
  publisher={American Mathematical Soc.}
}

@book{Friedman_2001,
  title={The elements of statistical learning},
  author={Friedman, Jerome and Hastie, Trevor and Tibshirani, Robert},
  volume={1},
  number={10},
  year={2001},
  publisher={Springer series in statistics New York, NY, USA:}
}

@inproceedings{Chung_2015,
  title={Gated feedback recurrent neural networks},
  author={Chung, Junyoung and Gulcehre, Caglar and Cho, Kyunghyun and Bengio, Yoshua},
  booktitle={International Conference on Machine Learning},
  pages={2067--2075},
  year={2015}
}

@article{Hochreiter_1997,
  title={Long short-term memory},
  author={Hochreiter, Sepp and Schmidhuber, J{\"u}rgen},
  journal={Neural computation},
  volume={9},
  number={8},
  pages={1735--1780},
  year={1997},
  publisher={MIT Press}
}

@book{Goodfellow_2016,
  title={Deep learning},
  author={Goodfellow, Ian and Bengio, Yoshua and Courville, Aaron and Bengio, Yoshua},
  volume={1},
  year={2016},
  publisher={MIT press Cambridge}
}

@article{Brockman_2016,
  title={Openai gym},
  author={Brockman, Greg and Cheung, Vicki and Pettersson, Ludwig and Schneider, Jonas and Schulman, John and Tang, Jie and Zaremba, Wojciech},
  journal={arXiv preprint arXiv:1606.01540},
  year={2016}
}

@book{Chomsky_1995,
  title={The minimalist program},
  author={Chomsky, Noam},
  year={1995},
  publisher={MIT press}
}

@article{Fazio_2009,
  title={Encoding of human action in Broca's area},
  author={Fazio, Patrik and Cantagallo, Anna and Craighero, Laila and D’Ausilio, Alessandro and Roy, Alice C and Pozzo, Thierry and Calzolari, Ferdinando and Granieri, Enrico and Fadiga, Luciano},
  journal={Brain},
  volume={132},
  number={7},
  pages={1980--1988},
  year={2009},
  publisher={Oxford University Press}
}
@article{Fadiga_2009,
  title={Broca's area in language, action, and music},
  author={Fadiga, Luciano and Craighero, Laila and D’Ausilio, Alessandro},
  journal={Annals of the New York Academy of Sciences},
  volume={1169},
  number={1},
  pages={448--458},
  year={2009},
  publisher={Wiley Online Library}
}

@article{Aloimonos_2008,
  title={HAL: human activity language},
  author={Aloimonos, Yiannis},
  journal={Journal of Vision},
  volume={8},
  number={6},
  pages={1050--1050},
  year={2008},
  publisher={The Association for Research in Vision and Ophthalmology}
}

@incollection{Aloimonos_2010,
  title={The language of action: a new tool for human-centric interfaces},
  author={Aloimonos, Yiannis and Guerra-Filho, Gutemberg and Ogale, Abhijit},
  booktitle={Human-Centric Interfaces for Ambient Intelligence},
  pages={95--131},
  year={2010},
  publisher={Elsevier}
}

@book{Lashley_1951,
  title={The problem of serial order in behavior},
  author={Lashley, Karl Spencer},
  volume={21},
  year={1951},
  publisher={Bobbs-Merrill}
}

@article{Fine_1998,
  title={The hierarchical hidden Markov model: Analysis and applications},
  author={Fine, Shai and Singer, Yoram and Tishby, Naftali},
  journal={Machine learning},
  volume={32},
  number={1},
  pages={41--62},
  year={1998},
  publisher={Springer}
}

@book{Chomsky_2006,
  title={Language and mind},
  author={Chomsky, Noam},
  year={2006},
  publisher={Cambridge University Press}
}

@online{hanoi_game,
  title = {Towers of Hanoi Problem Formulation},
  url = {https://www.includehelp.com/data-structure-tutorial/tower-of-hanoi-using-recursion.aspx},
  urldate = {2018-08-20}
 }
 
 
@article{Takahashi_2008,
  title={Silencing the critics: understanding the effects of cocaine sensitization on dorsolateral and ventral striatum in the context of an actor/critic model},
  author={Takahashi, Yuji and Schoenbaum, Geoffrey and Niv, Yael},
  journal={Frontiers in neuroscience},
  volume={2},
  pages={14},
  year={2008},
  publisher={Frontiers}
}

@article{Hale_2003,
  title={The information conveyed by words in sentences},
  author={Hale, John},
  journal={Journal of Psycholinguistic Research},
  volume={32},
  number={2},
  pages={101--123},
  year={2003},
  publisher={Springer}
}

@article{Hale_2006,
  title={Uncertainty about the rest of the sentence},
  author={Hale, John},
  journal={Cognitive Science},
  volume={30},
  number={4},
  pages={643--672},
  year={2006},
  publisher={Wiley Online Library}
}

@article{Lange_2018a,
  title={Independent Study Option Report: Hierarchical Reinforcement Learning and Action Grammars},
  author={Lange, Robert Tjarko},
  journal={Imperial College London},
  year={2018}
}

@article{Lange_2018b,
  title={Independent Study Option Presentation: Hierarchical Reinforcement Learning and Action Grammars},
  author={Lange, Robert Tjarko},
  journal={Imperial College London},
  year={2018}
}

@article{Lange_2018b,
  title={Learning representations by back-propagating errors},
  author={Rumelhart, David E and Hinton, Geoffrey E and Williams, Ronald J},
  journal={nature},
  volume={323},
  number={6088},
  pages={533},
  year={1986},
  publisher={Nature Publishing Group}
}


@article{Rumelhart_1986,
  title={Learning representations by back-propagating errors},
  author={Rumelhart, David E and Hinton, Geoffrey E and Williams, Ronald J},
  journal={nature},
  volume={323},
  number={6088},
  pages={533},
  year={1986},
  publisher={Nature Publishing Group}
}

@article{Schulman_2017,
  title={Proximal policy optimization algorithms},
  author={Schulman, John and Wolski, Filip and Dhariwal, Prafulla and Radford, Alec and Klimov, Oleg},
  journal={arXiv preprint arXiv:1707.06347},
  year={2017}
}

@InProceedings{CoReyes_2018,
  title = 	 {Self-Consistent Trajectory Autoencoder: Hierarchical Reinforcement Learning with Trajectory Embeddings},
  author = 	 {Co-Reyes, John and Liu, YuXuan and Gupta, Abhishek and Eysenbach, Benjamin and Abbeel, Pieter and Levine, Sergey},
  booktitle = 	 {Proceedings of the 35th International Conference on Machine Learning},
  pages = 	 {1009--1018},
  year = 	 {2018},
  editor = 	 {Dy, Jennifer and Krause, Andreas},
  volume = 	 {80},
  series = 	 {Proceedings of Machine Learning Research},
  address = 	 {Stockholmsmässan, Stockholm Sweden},
  month = 	 {10--15 Jul},
  publisher = 	 {PMLR}
}
%----------------------------
% RL
%----------------------------

@article{Sutton_1988,
  title={Learning to predict by the methods of temporal differences},
  author={Sutton, Richard S},
  journal={Machine learning},
  volume={3},
  number={1},
  pages={9--44},
  year={1988},
  publisher={Springer}
}

@article{Watkins_1992,
  title={Q-learning},
  author={Watkins, Christopher JCH and Dayan, Peter},
  journal={Machine learning},
  volume={8},
  number={3-4},
  pages={279--292},
  year={1992},
  publisher={Springer}
}

%Sarsa
@inproceedings{Sutton_1996,
  title={Generalization in reinforcement learning: Successful examples using sparse coarse coding},
  author={Sutton, Richard S},
  booktitle={Advances in neural information processing systems},
  pages={1038--1044},
  year={1996}
}

@book{Sutton_1998,
  title={Introduction to reinforcement learning},
  author={Sutton, Richard S and Barto, Andrew G},
  volume={135},
  year={1998},
  publisher={MIT press Cambridge}
}

@inproceedings{Bertsekas_1995,
  title={Neuro-dynamic programming: an overview},
  author={Bertsekas, Dimitri P and Tsitsiklis, John N},
  booktitle={Decision and Control, 1995., Proceedings of the 34th IEEE Conference on},
  volume={1},
  pages={560--564},
  year={1995},
  organization={IEEE}
}

@article{Schultz_1997,
  title={A neural substrate of prediction and reward},
  author={Schultz, Wolfram and Dayan, Peter and Montague, P Read},
  journal={Science},
  volume={275},
  number={5306},
  pages={1593--1599},
  year={1997},
  publisher={American Association for the Advancement of Science}
}

@article{Mnih_2013,
  title={Playing atari with deep reinforcement learning},
  author={Mnih, Volodymyr and Kavukcuoglu, Koray and Silver, David and Graves, Alex and Antonoglou, Ioannis and Wierstra, Daan and Riedmiller, Martin},
  journal={arXiv preprint arXiv:1312.5602},
  year={2013}
}

@article{Mnih_2015,
  title={Human-level control through deep reinforcement learning},
  author={Mnih, Volodymyr and Kavukcuoglu, Koray and Silver, David and Rusu, Andrei A and Veness, Joel and Bellemare, Marc G and Graves, Alex and Riedmiller, Martin and Fidjeland, Andreas K and Ostrovski, Georg and others},
  journal={Nature},
  volume={518},
  number={7540},
  year={2015},
  publisher={Nature Publishing Group}
}


@inproceedings{Mnih_2016,
  title={Asynchronous methods for deep reinforcement learning},
  author={Mnih, Volodymyr and Badia, Adria Puigdomenech and Mirza, Mehdi and Graves, Alex and Lillicrap, Timothy and Harley, Tim and Silver, David and Kavukcuoglu, Koray},
  booktitle={International Conference on Machine Learning},
  pages={1928--1937},
  year={2016}
}

@inproceedings{Sutton_2000,
  title={Policy gradient methods for reinforcement learning with function approximation},
  author={Sutton, Richard S and McAllester, David A and Singh, Satinder P and Mansour, Yishay},
  booktitle={Advances in neural information processing systems},
  pages={1057--1063},
  year={2000}
}
%----------------------------
% Semi-Markov Decision Processes
%----------------------------

@inproceedings{Bradtke_1995,
  title={Reinforcement learning methods for continuous-time Markov decision problems},
  author={Bradtke, Steven J and Duff, Michael O},
  booktitle={Advances in neural information processing systems},
  pages={393--400},
  year={1995}
}

@inproceedings{Mahadevan_1997,
  title={Self-improving factory simulation using continuous-time average-reward reinforcement learning},
  author={Mahadevan, Sridhar and Marchalleck, Nicholas and Das, Tapas K and Gosavi, Abhijit},
  booktitle={MACHINE LEARNING-INTERNATIONAL WORKSHOP THEN CONFERENCE-},
  pages={202--210},
  year={1997},
  organization={MORGAN KAUFMANN PUBLISHERS, INC.}
}

@book{Parr_1998a,
  title={Hierarchical control and learning for Markov decision processes},
  author={Parr, Ronald Edward},
  year={1998},
  publisher={University of California, Berkeley Berkeley, CA}
}

@article{Sutton_1999,
  title={Between MDPs and semi-MDPs: A framework for temporal abstraction in reinforcement learning},
  author={Sutton, Richard S and Precup, Doina and Singh, Satinder},
  journal={Artificial intelligence},
  volume={112},
  number={1-2},
  pages={181--211},
  year={1999},
  publisher={Elsevier}
}
%----------------------------
% HRL
%----------------------------

@inproceedings{Precup_1997,
  title={Multi-time models for reinforcement learning},
  author={Precup, Doina and Sutton, Richard S},
  booktitle={Proceedings of the ICML’97 Workshop on Modelling in Reinforcement Learning},
  year={1997},
  organization={Citeseer}
}

@article{Currie_1991,
  title={O-Plan: the open planning architecture},
  author={Currie, Ken and Tate, Austin},
  journal={Artificial intelligence},
  volume={52},
  number={1},
  pages={49--86},
  year={1991},
  publisher={Elsevier}
}

@inproceedings{Kaelbling_1993,
        Address = {Amherst, Massachusetts},
        Author = {Leslie Pack Kaelbling},
        Booktitle = {Proceedings of the Tenth International Conference on Machine Learning},
        Publisher = {Morgan Kaufmann},
        Title = {Hierarchical Learning in Stochastic Domains: Preliminary Results},
        Year = {1993},
url={http://people.csail.mit.edu/lpk/papers/ml93.ps}}


@inproceedings{Dayan_1993,
  title={Feudal reinforcement learning},
  author={Dayan, Peter and Hinton, Geoffrey E},
  booktitle={Advances in neural information processing systems},
  pages={271--278},
  year={1993}
}


@inproceedings{Parr_1998b,
  title={Reinforcement learning with hierarchies of machines},
  author={Parr, Ronald and Russell, Stuart J},
  booktitle={Advances in neural information processing systems},
  pages={1043--1049},
  year={1998}
}


@article{Dietterich_2000,
  title={Hierarchical reinforcement learning with the MAXQ value function decomposition},
  author={Dietterich, Thomas G},
  journal={J. Artif. Intell. Res.(JAIR)},
  volume={13},
  pages={227--303},
  year={2000}
}


@inproceedings{Hengst_2002,
  title={Discovering hierarchy in reinforcement learning with HEXQ},
  author={Hengst, Bernhard},
  booktitle={ICML},
  volume={2},
  pages={243--250},
  year={2002}
}


@article{Barto_2003,
  title={Recent advances in hierarchical reinforcement learning},
  author={Barto, Andrew G and Mahadevan, Sridhar},
  journal={Discrete Event Dynamic Systems},
  volume={13},
  number={4},
  pages={341--379},
  year={2003},
  publisher={Springer}
}

@inproceedings{Barto_2004,
  title={Intrinsically motivated learning of hierarchical collections of skills},
  author={Barto, Andrew G and Singh, Satinder and Chentanez, Nuttapong},
  booktitle={Proceedings of the 3rd International Conference on Development and Learning},
  pages={112--19},
  year={2004},
  organization={Citeseer}
}

@book{Ghavamzadeh_2005,
  title={Hierarchical reinforcement learning in continuous state and multi-agent environments},
  author={Ghavamzadeh, Mohammad},
  year={2005},
  publisher={University of Massachusetts Amherst}
}

@article{Brochu_2010,
  title={A tutorial on Bayesian optimization of expensive cost functions, with application to active user modeling and hierarchical reinforcement learning},
  author={Brochu, Eric and Cora, Vlad M and De Freitas, Nando},
  journal={arXiv preprint arXiv:1012.2599},
  year={2010}
}

@inproceedings{Sorg_2010,
  title={Linear options},
  author={Sorg, Jonathan and Singh, Satinder},
  booktitle={Proceedings of the 9th International Conference on Autonomous Agents and Multiagent Systems: volume 1-Volume 1},
  pages={31--38},
  year={2010},
  organization={International Foundation for Autonomous Agents and Multiagent Systems}
}

@inproceedings{Szepesvari_2014,
  title={Universal option models},
  author={Szepesvari, Csaba and Sutton, Richard S and Modayil, Joseph and Bhatnagar, Shalabh and others},
  booktitle={Advances in Neural Information Processing Systems},
  pages={990--998},
  year={2014}
}

@article{Botvinick_2014,
  title={Model-based hierarchical reinforcement learning and human action control},
  author={Botvinick, Matthew and Weinstein, Ari},
  journal={Phil. Trans. R. Soc. B},
  volume={369},
  number={1655},
  pages={20130480},
  year={2014},
  publisher={The Royal Society}
}

@article{Garnelo_2016,
  title={Towards deep symbolic reinforcement learning},
  author={Garnelo, Marta and Arulkumaran, Kai and Shanahan, Murray},
  journal={arXiv preprint arXiv:1609.05518},
  year={2016}
}

@article{Gregor_2015,
  title={DRAW: A recurrent neural network for image generation},
  author={Gregor, Karol and Danihelka, Ivo and Graves, Alex and Rezende, Danilo Jimenez and Wierstra, Daan},
  journal={arXiv preprint arXiv:1502.04623},
  year={2015}
}

@inproceedings{Vezhnevets_2016,
  title={Strategic attentive writer for learning macro-actions},
  author={Vezhnevets, Alexander and Mnih, Volodymyr and Osindero, Simon and Graves, Alex and Vinyals, Oriol and Agapiou, John and others},
  booktitle={Advances in neural information processing systems},
  pages={3486--3494},
  year={2016}
}

@article{Vezhnevets_2017,
  title={Feudal networks for hierarchical reinforcement learning},
  author={Vezhnevets, Alexander Sasha and Osindero, Simon and Schaul, Tom and Heess, Nicolas and Jaderberg, Max and Silver, David and Kavukcuoglu, Koray},
  journal={arXiv preprint arXiv:1703.01161},
  year={2017}
}

@inproceedings{Bacon_2017,
  title={The Option-Critic Architecture},
  author={Bacon, Pierre-Luc and Harb, Jean and Precup, Doina},
  booktitle={AAAI},
  pages={1726--1734},
  year={2017}
}

@inproceedings{Li_2017,
  title={An Efficient Approach to Model-Based Hierarchical Reinforcement Learning.},
  author={Li, Zhuoru and Narayan, Akshay and Leong, Tze-Yun},
  booktitle={AAAI},
  pages={3583--3589},
  year={2017}
}

@inproceedings{Kulkarni_2016a,
  title={Hierarchical deep reinforcement learning: Integrating temporal abstraction and intrinsic motivation},
  author={Kulkarni, Tejas D and Narasimhan, Karthik and Saeedi, Ardavan and Tenenbaum, Josh},
  booktitle={Advances in neural information processing systems},
  pages={3675--3683},
  year={2016}
}

@article{Kulkarni_2016b,
  title={Deep successor reinforcement learning},
  author={Kulkarni, Tejas D and Saeedi, Ardavan and Gautam, Simanta and Gershman, Samuel J},
  journal={arXiv preprint arXiv:1606.02396},
  year={2016}
}

@article{Frans_2017,
  title={Meta learning shared hierarchies},
  author={Frans, Kevin and Ho, Jonathan and Chen, Xi and Abbeel, Pieter and Schulman, John},
  journal={arXiv preprint arXiv:1710.09767},
  year={2017}
}

@article{Florensa_2017,
  title={Stochastic neural networks for hierarchical reinforcement learning},
  author={Florensa, Carlos and Duan, Yan and Abbeel, Pieter},
  journal={arXiv preprint arXiv:1704.03012},
  year={2017}
}
%----------------------------
% NEUROSCIENCE AND HRL
%----------------------------
@article{Stensola_2012,
  title={The entorhinal grid map is discretized},
  author={Stensola, Hanne and Stensola, Tor and Solstad, Trygve and Fr{\o}land, Kristian and Moser, May-Britt and Moser, Edvard I},
  journal={Nature},
  volume={492},
  number={7427},
  pages={72--78},
  year={2012},
  publisher={Nature Research}
}

@article{Miller_2001,
  title={An integrative theory of prefrontal cortex function},
  author={Miller, Earl K and Cohen, Jonathan D},
  journal={Annual review of neuroscience},
  volume={24},
  number={1},
  pages={167--202},
  year={2001},
  publisher={Annual Reviews 4139 El Camino Way, PO Box 10139, Palo Alto, CA 94303-0139, USA}
}

@article{OReilly_2006,
  title={Making working memory work: a computational model of learning in the prefrontal cortex and basal ganglia},
  author={O'Reilly, Randall C and Frank, Michael J},
  journal={Neural computation},
  volume={18},
  number={2},
  pages={283--328},
  year={2006},
  publisher={MIT Press}
}

@article{Botvinick_2008,
  title={Hierarchical models of behavior and prefrontal function},
  author={Botvinick, Matthew M},
  journal={Trends in cognitive sciences},
  volume={12},
  number={5},
  pages={201--208},
  year={2008},
  publisher={Elsevier}
}


@article{Botvinick_2009,
  title={Hierarchically organized behavior and its neural foundations: a reinforcement learning perspective},
  author={Botvinick, Matthew M and Niv, Yael and Barto, Andrew C},
  journal={Cognition},
  volume={113},
  number={3},
  pages={262--280},
  year={2009},
  publisher={Elsevier}
}

@article{Ribas_2011,
  title={A neural signature of hierarchical reinforcement learning},
  author={Ribas-Fernandes, Jose JF and Solway, Alec and Diuk, Carlos and McGuire, Joseph T and Barto, Andrew G and Niv, Yael and Botvinick, Matthew M},
  journal={Neuron},
  volume={71},
  number={2},
  pages={370--379},
  year={2011},
  publisher={Elsevier}
}

@article{Diuk_2013,
  title={Hierarchical learning induces two simultaneous, but separable, prediction errors in human basal ganglia},
  author={Diuk, Carlos and Tsai, Karin and Wallis, Jonathan and Botvinick, Matthew and Niv, Yael},
  journal={Journal of Neuroscience},
  volume={33},
  number={13},
  pages={5797--5805},
  year={2013},
  publisher={Soc Neuroscience}
}

@article{Solway_2014,
  title={Optimal behavioral hierarchy},
  author={Solway, Alec and Diuk, Carlos and C{\'o}rdova, Natalia and Yee, Debbie and Barto, Andrew G and Niv, Yael and Botvinick, Matthew M},
  journal={PLoS computational biology},
  volume={10},
  number={8},
  pages={e1003779},
  year={2014},
  publisher={Public Library of Science}
}


@article{Rasmussen_2017,
  title={A neural model of hierarchical reinforcement learning},
  author={Rasmussen, Daniel and Voelker, Aaron and Eliasmith, Chris},
  journal={PloS one},
  volume={12},
  number={7},
  pages={e0180234},
  year={2017},
  publisher={Public Library of Science}
}

%----------------------------
% COGNITIVE PROCESSES LANGUAGE, FORMAL GRAMMARS AND GRAMMATICAL INFERENCE
%----------------------------
@article{Ding_2017,
  title={Rule-based and word-level statistics-based processing of language: insights from neuroscience},
  author={Ding, Nai and Melloni, Lucia and Tian, Xing and Poeppel, David},
  journal={Language, Cognition and Neuroscience},
  volume={32},
  number={5},
  pages={570--575},
  year={2017},
  publisher={Taylor \& Francis}
}

@article{Brennan_2016,
  title={Abstract linguistic structure correlates with temporal activity during naturalistic comprehension},
  author={Brennan, Jonathan R and Stabler, Edward P and Van Wagenen, Sarah E and Luh, Wen-Ming and Hale, John T},
  journal={Brain and language},
  volume={157},
  pages={81--94},
  year={2016},
  publisher={Elsevier}
}

@article{Frank_2018,
author = {Stefan L. Frank and Morten H. Christiansen},
title = {Hierarchical and sequential processing of language},
journal = {Language, Cognition and Neuroscience},
volume = {0},
number = {0},
pages = {1-6},
year  = {2018},
publisher = {Routledge}
}

@article{Nelson_2017,
  title={Neurophysiological dynamics of phrase-structure building during sentence processing},
  author={Nelson, Matthew J and El Karoui, Imen and Giber, Kristof and Yang, Xiaofang and Cohen, Laurent and Koopman, Hilda and Cash, Sydney S and Naccache, Lionel and Hale, John T and Pallier, Christophe and others},
  journal={Proceedings of the National Academy of Sciences},
  pages={201701590},
  year={2017},
  publisher={National Acad Sciences}
}


@article{Henderson_2016,
  title={Language structure in the brain: A fixation-related fMRI study of syntactic surprisal in reading},
  author={Henderson, John M and Choi, Wonil and Lowder, Matthew W and Ferreira, Fernanda},
  journal={NeuroImage},
  volume={132},
  pages={293--300},
  year={2016},
  publisher={Elsevier}
}

@inproceedings{Mikolov_2013a,
  title={Distributed representations of words and phrases and their compositionality},
  author={Mikolov, Tomas and Sutskever, Ilya and Chen, Kai and Corrado, Greg S and Dean, Jeff},
  booktitle={Advances in neural information processing systems},
  pages={3111--3119},
  year={2013}
}

@article{Mikolov_2013b,
  title={Efficient estimation of word representations in vector space},
  author={Mikolov, Tomas and Chen, Kai and Corrado, Greg and Dean, Jeffrey},
  journal={arXiv preprint arXiv:1301.3781},
  year={2013}
}
%--------------------------


@book{Levelt_2008,
  title={An introduction to the theory of formal languages and automata},
  author={Levelt, Willem JM},
  year={2008},
  publisher={John Benjamins Publishing}
}

@article{Chomsky_1959a,
  title={A note on phrase structure grammars},
  author={Chomsky, Noam},
  journal={Information and control},
  volume={2},
  number={4},
  pages={393--395},
  year={1959},
  publisher={Elsevier}
}

@article{Chomsky_1959b,
  title={On certain formal properties of grammars},
  author={Chomsky, Noam},
  journal={Information and control},
  volume={2},
  number={2},
  pages={137--167},
  year={1959},
  publisher={Elsevier}
}

@article{Higuera_2005,
  title={A bibliographical study of grammatical inference},
  author={De La Higuera, Colin},
  journal={Pattern recognition},
  volume={38},
  number={9},
  pages={1332--1348},
  year={2005},
  publisher={Elsevier}
}

@inproceedings{Siyari_2016,
  title={The Generalized Smallest Grammar Problem},
  author={Siyari, Payam and Gall{\'e}, Matthias},
  booktitle={International Conference on Grammatical Inference},
  pages={79--92},
  year={2016}
}

@article{Charikar_2005,
  title={The smallest grammar problem},
  author={Charikar, Moses and Lehman, Eric and Liu, Ding and Panigrahy, Rina and Prabhakaran, Manoj and Sahai, Amit and Shelat, Abhi},
  journal={IEEE Transactions on Information Theory},
  volume={51},
  number={7},
  pages={2554--2576},
  year={2005},
  publisher={IEEE}
}

@article{Manning_1997,
  author    = {Craig G. Nevill{-}Manning and
               Ian H. Witten},
  title     = {Identifying Hierarchical Structure in Sequences: {A} linear-time algorithm},
  journal   = {CoRR},
  year      = {1997}
}

%-----------------------------------------------
@inproceedings{Mcgovern_2001,
  title={Automatic discovery of subgoals in reinforcement learning using diverse density},
  author={McGovern, Amy and Barto, Andrew G},
  booktitle={ICML},
  volume={1},
  pages={361--368},
  year={2001}
}

@inproceedings{Menache_2002,
  title={Q-cut—dynamic discovery of sub-goals in reinforcement learning},
  author={Menache, Ishai and Mannor, Shie and Shimkin, Nahum},
  booktitle={European Conference on Machine Learning},
  pages={295--306},
  year={2002},
  organization={Springer}
}

@article{Frank_2009,
  title={Information from multiple modalities helps 5-month-olds learn abstract rules},
  author={Frank, Michael C and Slemmer, Jonathan A and Marcus, Gary F and Johnson, Scott P},
  journal={Developmental science},
  volume={12},
  number={4},
  pages={504--509},
  year={2009},
  publisher={Wiley Online Library}
}

@article{Marcus_2007,
  title={Infant rule learning facilitated by speech},
  author={Marcus, Gary F and Fernandes, Keith J and Johnson, Scott P},
  journal={Psychological science},
  volume={18},
  number={5},
  pages={387--391},
  year={2007},
  publisher={SAGE Publications Sage CA: Los Angeles, CA}
}

@article{Marcus_1999,
  title={Rule learning by seven-month-old infants},
  author={Marcus, Gary F and Vijayan, Sugumaran and Rao, S Bandi and Vishton, Peter M},
  journal={Science},
  volume={283},
  number={5398},
  pages={77--80},
  year={1999},
  publisher={American Association for the Advancement of Science}
}

@article{Stout_2018,
  title={Grammars of action in human behavior and evolution},
  author={Stout, Dietrich and Chaminade, Thierry and Thomik, Andreas and Apel, Jan and Faisal, A Aldo},
  journal={bioRxiv},
  pages={281543},
  year={2018},
  publisher={Cold Spring Harbor Laboratory}
}

@article{Lari_1990,
  title={The estimation of stochastic context-free grammars using the inside-outside algorithm},
  author={Lari, Karim and Young, Steve J},
  journal={Computer speech \& language},
  volume={4},
  number={1},
  pages={35--56},
  year={1990},
  publisher={Elsevier}
}

@inproceedings{Hale_2001,
  title={A probabilistic Earley parser as a psycholinguistic model},
  author={Hale, John},
  booktitle={Proceedings of the second meeting of the North American Chapter of the Association for Computational Linguistics on Language technologies},
  pages={1--8},
  year={2001},
  organization={Association for Computational Linguistics}
}

@article{Levy_2008,
  title={Expectation-based syntactic comprehension},
  author={Levy, Roger},
  journal={Cognition},
  volume={106},
  number={3},
  pages={1126--1177},
  year={2008},
  publisher={Elsevier}
}

@inproceedings{Hauskrecht_1998,
  title={Hierarchical solution of Markov decision processes using macro-actions},
  author={Hauskrecht, Milos and Meuleau, Nicolas and Kaelbling, Leslie Pack and Dean, Thomas and Boutilier, Craig},
  booktitle={Proceedings of the Fourteenth conference on Uncertainty in artificial intelligence},
  pages={220--229},
  year={1998},
  organization={Morgan Kaufmann Publishers Inc.}
}

@book{Hale_2014,
  title={Automaton theories of human sentence comprehension},
  author={Hale, John T},
  organization={CSLI Publications},
  year={2014}
}

@phdthesis{Stolcke_1994,
  title={Bayesian learning of probabilistic language models},
  author={Stolcke, Andreas},
  year={1994},
  school={University of California, Berkeley}
}

@inproceedings{Stolle_2002,
  title={Learning options in reinforcement learning},
  author={Stolle, Martin and Precup, Doina},
  booktitle={International Symposium on abstraction, reformulation, and approximation},
  pages={212--223},
  year={2002},
  organization={Springer}
}

@inproceedings{Bakker_2004,
  title={Hierarchical reinforcement learning based on subgoal discovery and subpolicy specialization},
  author={Bakker, Bram and Schmidhuber, J{\"u}rgen},
  booktitle={Proc. of the 8-th Conf. on Intelligent Autonomous Systems},
  pages={438--445},
  year={2004}
}

@inproceedings{Mannor_2004,
  title={Dynamic abstraction in reinforcement learning via clustering},
  author={Mannor, Shie and Menache, Ishai and Hoze, Amit and Klein, Uri},
  booktitle={Proceedings of the twenty-first international conference on Machine learning},
  pages={71},
  year={2004},
  organization={ACM}
}

@inproceedings{Digney_1998,
  title={Learning hierarchical control structures for multiple tasks and changing environments},
  author={Digney, Bruce L},
  booktitle={Proceedings of the fifth international conference on simulation of adaptive behavior on From animals to animats},
  volume={5},
  pages={321--330},
  year={1998}
}

@inproceedings{Schaul_2015,
  title={Universal value function approximators},
  author={Schaul, Tom and Horgan, Daniel and Gregor, Karol and Silver, David},
  booktitle={International Conference on Machine Learning},
  pages={1312--1320},
  year={2015}
}

@article{Levy_2018,
  title={Hierarchical Reinforcement Learning with Hindsight},
  author={Levy, Andrew and Platt, Robert and Saenko, Kate},
  journal={arXiv preprint arXiv:1805.08180},
  year={2018}
}

@incollection{Yao_2014,
title = {Universal Option Models},
author = {Yao, hHengshuai and Szepesvari, Csaba and Sutton, Richard S and Modayil, Joseph and Bhatnagar, Shalabh},
booktitle = {Advances in Neural Information Processing Systems 27},
editor = {Z. Ghahramani and M. Welling and C. Cortes and N. D. Lawrence and K. Q. Weinberger},
pages = {990--998},
year = {2014},
publisher = {Curran Associates, Inc.},
url = {http://papers.nips.cc/paper/5590-universal-option-models.pdf}
}

@inproceedings{Sutton_2011,
  title={Horde: A scalable real-time architecture for learning knowledge from unsupervised sensorimotor interaction},
  author={Sutton, Richard S and Modayil, Joseph and Delp, Michael and Degris, Thomas and Pilarski, Patrick M and White, Adam and Precup, Doina},
  booktitle={The 10th International Conference on Autonomous Agents and Multiagent Systems-Volume 2},
  pages={761--768},
  year={2011},
  organization={International Foundation for Autonomous Agents and Multiagent Systems}
}

@inproceedings{McGovern_1997,
  title={Roles of macro-actions in accelerating reinforcement learning},
  author={McGovern, Amy and Sutton, Richard S and Fagg, Andrew H},
  booktitle={Grace Hopper celebration of women in computing},
  volume={1317},
  year={1997}
}

@techreport{McGovern_1998,
  title={Macro-actions in reinforcement learning: An empirical analysis},
  author={McGovern, Amy and Sutton, Richard S},
  year={1998},
  institution={Technical Report 98-70, University of Massachusetts, Department of Computer Science}
}

@inproceedings{Siyari_2016b,
  title={Lexis: An optimization framework for discovering the hierarchical structure of sequential data},
  author={Siyari, Payam and Dilkina, Bistra and Dovrolis, Constantine},
  booktitle={Proceedings of the 22nd ACM SIGKDD International Conference on Knowledge Discovery and Data Mining},
  pages={1185--1194},
  year={2016},
  organization={ACM}
}

@article{Pastra_2012,
  title={The minimalist grammar of action},
  author={Pastra, Katerina and Aloimonos, Yiannis},
  journal={Philosophical Transactions of the Royal Society of London B: Biological Sciences},
  volume={367},
  number={1585},
  pages={103--117},
  year={2012},
  publisher={The Royal Society}
}

@inproceedings{Simcsek_2004a,
  title={Using relative novelty to identify useful temporal abstractions in reinforcement learning},
  author={{\c{S}}im{\c{s}}ek, {\"O}zg{\"u}r and Barto, Andrew G},
  booktitle={Proceedings of the twenty-first international conference on Machine learning},
  pages={95},
  year={2004},
  organization={ACM}
}

@inproceedings{Simsek_2004b,
  title={Local graph partitioning as a basis for generating temporally-extended actions in reinforcement learning},
  author={Simsek, Ozg{\"u}r and Wolfe, Alicia P and Barto, Andrew G},
  booktitle={AAAI Workshop Proceedings},
  year={2004}
}


@InProceedings{Smith_2018,
  title = 	 {An Inference-Based Policy Gradient Method for Learning Options},
  author = 	 {Smith, Matthew and van Hoof, Herke and Pineau, Joelle},
  booktitle = 	 {Proceedings of the 35th International Conference on Machine Learning},
  pages = 	 {4710--4719},
  year = 	 {2018}
}


@article{Daniel_2016,
  title={Probabilistic inference for determining options in reinforcement learning},
  author={Daniel, Christian and Van Hoof, Herke and Peters, Jan and Neumann, Gerhard},
  journal={Machine Learning},
  volume={104},
  number={2-3},
  pages={337--357},
  year={2016},
  publisher={Springer}
}

@article{Schoenhense_2017,
  title={Data-efficient inference of hierarchical structure in sequential data by information-greedy grammar inference},
  author={Schoenhense, Benedikt and Hampshire, Adam and Faisal, Aldo},
  journal={Under review for the Conference on Neural Information Processing Systems (NIPS)},
  year={2017}
 }


@article{Baum_1970,
  title={A maximization technique occurring in the statistical analysis of probabilistic functions of Markov chains},
  author={Baum, Leonard E and Petrie, Ted and Soules, George and Weiss, Norman},
  journal={The annals of mathematical statistics},
  volume={41},
  number={1},
  pages={164--171},
  year={1970},
  publisher={JSTOR}
}

@inproceedings{Oquab_2014,
  title={Learning and transferring mid-level image representations using convolutional neural networks},
  author={Oquab, Maxime and Bottou, Leon and Laptev, Ivan and Sivic, Josef},
  booktitle={Proceedings of the IEEE conference on computer vision and pattern recognition},
  pages={1717--1724},
  year={2014}
}

@article{Lin_1992,
  title={Self-improving reactive agents based on reinforcement learning, planning and teaching},
  author={Lin, Long-Ji},
  journal={Machine learning},
  volume={8},
  number={3-4},
  pages={293--321},
  year={1992},
  publisher={Springer}
}

@article{Kingma_2014,
  title={Adam: A method for stochastic optimization},
  author={Kingma, Diederik P and Ba, Jimmy},
  journal={arXiv preprint arXiv:1412.6980},
  year={2014}
}